<?xml version="1.0" encoding="UTF-8"?>
<record>
  <leader>01418nam#a2200385#cb4500</leader>
  <controlfield tag="005">20200115164000.0</controlfield>
  <controlfield tag="007">tu</controlfield>
  <controlfield tag="008">990228|1969####gw############|||#|#ger#c</controlfield>
  <controlfield tag="003">DE-605</controlfield>
  <controlfield tag="001">990058434730206441</controlfield>
  <datafield tag="016" ind1="7" ind2=" ">
    <subfield code="a">890101063</subfield>
    <subfield code="2">OCoLC</subfield>
  </datafield>
  <datafield tag="035" ind1=" " ind2=" ">
    <subfield code="a">(DE-605)HT000893437</subfield>
  </datafield>
  <datafield tag="040" ind1=" " ind2=" ">
    <subfield code="c">DE-605</subfield>
    <subfield code="a">HBZ/Red</subfield>
    <subfield code="b">ger</subfield>
    <subfield code="d">6</subfield>
    <subfield code="e">rakwb</subfield>
    <subfield code="d">DE-605</subfield>
  </datafield>
  <datafield tag="041" ind1=" " ind2=" ">
    <subfield code="a">ger</subfield>
    <subfield code="a">heb</subfield>
  </datafield>
  <datafield tag="044" ind1=" " ind2=" ">
    <subfield code="c">XA-DE</subfield>
  </datafield>
  <datafield tag="100" ind1="1" ind2=" ">
    <subfield code="a">Shaliṭ, Avraham</subfield>
    <subfield code="d">1898-1979</subfield>
    <subfield code="0">(DE-588)143395580</subfield>
    <subfield code="4">aut</subfield>
    <subfield code="0">https://portal.dnb.de/opac.htm?method=simpleSearch&amp;cqlMode=true&amp;query=idn=143395580</subfield>
    <subfield code="0">http://viaf.org/viaf/sourceID/DNB|143395580</subfield>
    <subfield code="B">GND-143395580</subfield>
  </datafield>
  <datafield tag="240" ind1="1" ind2="0">
    <subfield code="a">Hú̀rdú̀s ham-meleḵ</subfield>
    <subfield code="g">dt.</subfield>
  </datafield>
  <datafield tag="245" ind1="1" ind2="0">
    <subfield code="a">König Herodes</subfield>
    <subfield code="b">der Mann und sein Werk</subfield>
    <subfield code="c">von Abraham Schalit</subfield>
  </datafield>
  <datafield tag="250" ind1=" " ind2=" ">
    <subfield code="a">vom Verf. überarb. u. bedeutend erw. Fassung d. 1960 ersch. hebr. Originals</subfield>
  </datafield>
  <datafield tag="264" ind1=" " ind2="1">
    <subfield code="a">Berlin</subfield>
    <subfield code="b">de Gruyter</subfield>
    <subfield code="c">1969</subfield>
  </datafield>
  <datafield tag="300" ind1=" " ind2=" ">
    <subfield code="a">XVI, 889 S. : Ill., Kt.</subfield>
  </datafield>
  <datafield tag="490" ind1="1" ind2=" ">
    <subfield code="a">Studia Judaica</subfield>
    <subfield code="v">4</subfield>
  </datafield>
  <datafield tag="689" ind1="0" ind2="0">
    <subfield code="a">Herodes Antipas</subfield>
    <subfield code="c">Galiläa, Tetrarch</subfield>
    <subfield code="d">v20-39</subfield>
    <subfield code="D">p</subfield>
    <subfield code="0">(DE-588)118703781</subfield>
    <subfield code="0">https://portal.dnb.de/opac.htm?method=simpleSearch&amp;cqlMode=true&amp;query=idn=118703781</subfield>
    <subfield code="0">http://viaf.org/viaf/sourceID/DNB|118703781</subfield>
    <subfield code="B">GND-118703781</subfield>
  </datafield>
  <datafield tag="035" ind1=" " ind2=" ">
    <subfield code="a">(OCoLC)890101063</subfield>
  </datafield>
  <datafield tag="035" ind1=" " ind2=" ">
    <subfield code="a">(DE-599)HBZHT000893437</subfield>
  </datafield>
  <datafield tag="964" ind1="0" ind2="s">
    <subfield code="F">051</subfield>
    <subfield code="A">s|||||||</subfield>
  </datafield>
  <datafield tag="964" ind1="0" ind2="i">
    <subfield code="I">marc-FMT via MAB2MARC</subfield>
    <subfield code="F">FMT</subfield>
    <subfield code="A">BK</subfield>
  </datafield>
  <datafield tag="964" ind1="0" ind2="s">
    <subfield code="F">030</subfield>
    <subfield code="A">a|1uc||||||17</subfield>
  </datafield>
  <datafield tag="964" ind1="0" ind2="s">
    <subfield code="F">050</subfield>
    <subfield code="A">a|||||||||||||</subfield>
  </datafield>
  <datafield tag="830" ind1=" " ind2="0">
    <subfield code="a">Studia Judaica</subfield>
    <subfield code="w">(DE-605)HT001247609</subfield>
    <subfield code="v">4</subfield>
    <subfield code="9">O:1</subfield>
  </datafield>
  <datafield tag="856" ind1="4" ind2="2">
    <subfield code="m">V:DE-605;X:Imageware</subfield>
    <subfield code="q">application/pdf</subfield>
    <subfield code="u">http://digitale-objekte.hbz-nrw.de/storage2/2021/05/31/file_1/9034428.pdf</subfield>
    <subfield code="3">Inhaltsverzeichnis</subfield>
    <subfield code="9">O:PKN</subfield>
  </datafield>
  <datafield tag="600" ind1="1" ind2="4">
    <subfield code="a">Herodes &lt;Judäa, König, I.&gt;</subfield>
  </datafield>
  <datafield tag="600" ind1="1" ind2="4">
    <subfield code="a">Makkabäer</subfield>
  </datafield>
  <datafield tag="650" ind1=" " ind2="4">
    <subfield code="a">Herrschaftssystem</subfield>
  </datafield>
  <datafield tag="650" ind1=" " ind2="4">
    <subfield code="a">Neues Testament / Zeithintergrund</subfield>
  </datafield>
  <datafield tag="655" ind1=" " ind2="7">
    <subfield code="a">Biografie</subfield>
    <subfield code="0">(DE-588)4006804-3</subfield>
    <subfield code="2">gnd-content</subfield>
  </datafield>
  <datafield tag="MBD" ind1=" " ind2=" ">
    <subfield code="M">49HBZ_NETWORK</subfield>
    <subfield code="i">990058434730206441</subfield>
    <subfield code="n">HBZ Network</subfield>
  </datafield>
  <datafield tag="MBD" ind1=" " ind2=" ">
    <subfield code="M">49HBZ_WUP</subfield>
    <subfield code="i">990001835890206447</subfield>
    <subfield code="n">Bergische Universität Wuppertal</subfield>
  </datafield>
  <datafield tag="830" ind1=" " ind2="0">
    <subfield code="a">Studia Judaica</subfield>
    <subfield code="w">(DE-605)HT001247609</subfield>
    <subfield code="v">4</subfield>
    <subfield code="9">O:1</subfield>
    <subfield code="M">49HBZ_WUP</subfield>
  </datafield>
  <datafield tag="856" ind1="4" ind2="2">
    <subfield code="m">V:DE-605;X:Imageware</subfield>
    <subfield code="q">application/pdf</subfield>
    <subfield code="u">http://digitale-objekte.hbz-nrw.de/storage2/2021/05/31/file_1/9034428.pdf</subfield>
    <subfield code="3">Inhaltsverzeichnis</subfield>
    <subfield code="9">O:PKN</subfield>
    <subfield code="M">49HBZ_WUP</subfield>
  </datafield>
  <datafield tag="983" ind1=" " ind2=" ">
    <subfield code="b">INR</subfield>
    <subfield code="9">LOCAL</subfield>
    <subfield code="M">49HBZ_WUP</subfield>
  </datafield>
  <datafield tag="MBD" ind1=" " ind2=" ">
    <subfield code="M">49HBZ_BRIDGE_FIZ</subfield>
    <subfield code="i">9993310507816</subfield>
    <subfield code="n">Bibliotheken ohne zentrale Katalogisierung</subfield>
  </datafield>
  <datafield tag="830" ind1=" " ind2="0">
    <subfield code="a">Studia Judaica</subfield>
    <subfield code="w">(DE-605)HT001247609</subfield>
    <subfield code="v">4</subfield>
    <subfield code="9">O:1</subfield>
    <subfield code="M">49HBZ_BRIDGE_FIZ</subfield>
  </datafield>
  <datafield tag="856" ind1="4" ind2="2">
    <subfield code="m">V:DE-605;X:Imageware</subfield>
    <subfield code="q">application/pdf</subfield>
    <subfield code="u">http://digitale-objekte.hbz-nrw.de/storage2/2021/05/31/file_1/9034428.pdf</subfield>
    <subfield code="3">Inhaltsverzeichnis</subfield>
    <subfield code="9">O:PKN</subfield>
    <subfield code="M">49HBZ_BRIDGE_FIZ</subfield>
  </datafield>
  <datafield tag="MBD" ind1=" " ind2=" ">
    <subfield code="M">49HBZ_BRIDGE_EDK</subfield>
    <subfield code="i">9928263107507</subfield>
    <subfield code="n">Erzbischöfliche Diözesan- und Dombibliothek</subfield>
  </datafield>
  <datafield tag="830" ind1=" " ind2="0">
    <subfield code="a">Studia Judaica</subfield>
    <subfield code="w">(DE-605)HT001247609</subfield>
    <subfield code="v">4</subfield>
    <subfield code="9">O:1</subfield>
    <subfield code="M">49HBZ_BRIDGE_EDK</subfield>
  </datafield>
  <datafield tag="856" ind1="4" ind2="2">
    <subfield code="m">V:DE-605;X:Imageware</subfield>
    <subfield code="q">application/pdf</subfield>
    <subfield code="u">http://digitale-objekte.hbz-nrw.de/storage2/2021/05/31/file_1/9034428.pdf</subfield>
    <subfield code="3">Inhaltsverzeichnis</subfield>
    <subfield code="9">O:PKN</subfield>
    <subfield code="M">49HBZ_BRIDGE_EDK</subfield>
  </datafield>
  <datafield tag="MBD" ind1=" " ind2=" ">
    <subfield code="M">49HBZ_BRIDGE_DET</subfield>
    <subfield code="i">9930220707918</subfield>
    <subfield code="n">Lippische Landesbibliothek Detmold; Hochschule für Musik Detmold, Bibliothek</subfield>
  </datafield>
  <datafield tag="830" ind1=" " ind2="0">
    <subfield code="a">Studia Judaica</subfield>
    <subfield code="w">(DE-605)HT001247609</subfield>
    <subfield code="v">4</subfield>
    <subfield code="9">O:1</subfield>
    <subfield code="M">49HBZ_BRIDGE_DET</subfield>
  </datafield>
  <datafield tag="856" ind1="4" ind2="2">
    <subfield code="m">V:DE-605;X:Imageware</subfield>
    <subfield code="q">application/pdf</subfield>
    <subfield code="u">http://digitale-objekte.hbz-nrw.de/storage2/2021/05/31/file_1/9034428.pdf</subfield>
    <subfield code="3">Inhaltsverzeichnis</subfield>
    <subfield code="9">O:PKN</subfield>
    <subfield code="M">49HBZ_BRIDGE_DET</subfield>
  </datafield>
  <datafield tag="MBD" ind1=" " ind2=" ">
    <subfield code="M">49HBZ_BRIDGE_PTR</subfield>
    <subfield code="i">9926487007817</subfield>
    <subfield code="n">Priesterseminar, Bibliothek, Trier</subfield>
  </datafield>
  <datafield tag="830" ind1=" " ind2="0">
    <subfield code="a">Studia Judaica</subfield>
    <subfield code="w">(DE-605)HT001247609</subfield>
    <subfield code="v">4</subfield>
    <subfield code="9">O:1</subfield>
    <subfield code="M">49HBZ_BRIDGE_PTR</subfield>
  </datafield>
  <datafield tag="856" ind1="4" ind2="2">
    <subfield code="m">V:DE-605;X:Imageware</subfield>
    <subfield code="q">application/pdf</subfield>
    <subfield code="u">http://digitale-objekte.hbz-nrw.de/storage2/2021/05/31/file_1/9034428.pdf</subfield>
    <subfield code="3">Inhaltsverzeichnis</subfield>
    <subfield code="9">O:PKN</subfield>
    <subfield code="M">49HBZ_BRIDGE_PTR</subfield>
  </datafield>
  <datafield tag="MBD" ind1=" " ind2=" ">
    <subfield code="M">49HBZ_BRIDGE_LBZ</subfield>
    <subfield code="i">9951330107506</subfield>
    <subfield code="n">Rheinische Landesbibliothek Koblenz</subfield>
  </datafield>
  <datafield tag="830" ind1=" " ind2="0">
    <subfield code="a">Studia Judaica</subfield>
    <subfield code="w">(DE-605)HT001247609</subfield>
    <subfield code="v">4</subfield>
    <subfield code="9">O:1</subfield>
    <subfield code="M">49HBZ_BRIDGE_LBZ</subfield>
  </datafield>
  <datafield tag="856" ind1="4" ind2="2">
    <subfield code="m">V:DE-605;X:Imageware</subfield>
    <subfield code="q">application/pdf</subfield>
    <subfield code="u">http://digitale-objekte.hbz-nrw.de/storage2/2021/05/31/file_1/9034428.pdf</subfield>
    <subfield code="3">Inhaltsverzeichnis</subfield>
    <subfield code="9">O:PKN</subfield>
    <subfield code="M">49HBZ_BRIDGE_LBZ</subfield>
  </datafield>
  <datafield tag="MBD" ind1=" " ind2=" ">
    <subfield code="M">49HBZ_BRIDGE_UBO</subfield>
    <subfield code="i">99120874807503</subfield>
    <subfield code="n">Ruhr-Universität Bochum</subfield>
  </datafield>
  <datafield tag="830" ind1=" " ind2="0">
    <subfield code="a">Studia Judaica</subfield>
    <subfield code="w">(DE-605)HT001247609</subfield>
    <subfield code="v">4</subfield>
    <subfield code="9">O:1</subfield>
    <subfield code="M">49HBZ_BRIDGE_UBO</subfield>
  </datafield>
  <datafield tag="856" ind1="4" ind2="2">
    <subfield code="m">V:DE-605;X:Imageware</subfield>
    <subfield code="q">application/pdf</subfield>
    <subfield code="u">http://digitale-objekte.hbz-nrw.de/storage2/2021/05/31/file_1/9034428.pdf</subfield>
    <subfield code="3">Inhaltsverzeichnis</subfield>
    <subfield code="9">O:PKN</subfield>
    <subfield code="M">49HBZ_BRIDGE_UBO</subfield>
  </datafield>
  <datafield tag="MBD" ind1=" " ind2=" ">
    <subfield code="M">49HBZ_UDE</subfield>
    <subfield code="i">990001493040206446</subfield>
    <subfield code="n">Universität Duisburg-Essen</subfield>
  </datafield>
  <datafield tag="830" ind1=" " ind2="0">
    <subfield code="a">Studia Judaica</subfield>
    <subfield code="w">(DE-605)HT001247609</subfield>
    <subfield code="v">4</subfield>
    <subfield code="9">O:1</subfield>
    <subfield code="M">49HBZ_UDE</subfield>
  </datafield>
  <datafield tag="856" ind1="4" ind2="2">
    <subfield code="m">V:DE-605;X:Imageware</subfield>
    <subfield code="q">application/pdf</subfield>
    <subfield code="u">http://digitale-objekte.hbz-nrw.de/storage2/2021/05/31/file_1/9034428.pdf</subfield>
    <subfield code="3">Inhaltsverzeichnis</subfield>
    <subfield code="9">O:PKN</subfield>
    <subfield code="M">49HBZ_UDE</subfield>
  </datafield>
  <datafield tag="983" ind1=" " ind2=" ">
    <subfield code="b">LBB</subfield>
    <subfield code="9">LOCAL</subfield>
    <subfield code="M">49HBZ_UDE</subfield>
  </datafield>
  <datafield tag="MBD" ind1=" " ind2=" ">
    <subfield code="M">49HBZ_DUE</subfield>
    <subfield code="i">990001244930206443</subfield>
    <subfield code="n">Universität Düsseldorf</subfield>
  </datafield>
  <datafield tag="830" ind1=" " ind2="0">
    <subfield code="a">Studia Judaica</subfield>
    <subfield code="w">(DE-605)HT001247609</subfield>
    <subfield code="v">4</subfield>
    <subfield code="9">O:1</subfield>
    <subfield code="M">49HBZ_DUE</subfield>
  </datafield>
  <datafield tag="856" ind1="4" ind2="2">
    <subfield code="m">V:DE-605;X:Imageware</subfield>
    <subfield code="q">application/pdf</subfield>
    <subfield code="u">http://digitale-objekte.hbz-nrw.de/storage2/2021/05/31/file_1/9034428.pdf</subfield>
    <subfield code="3">Inhaltsverzeichnis</subfield>
    <subfield code="9">O:PKN</subfield>
    <subfield code="M">49HBZ_DUE</subfield>
  </datafield>
  <datafield tag="983" ind1=" " ind2=" ">
    <subfield code="a">FBhise50000</subfield>
    <subfield code="9">LOCAL</subfield>
    <subfield code="M">49HBZ_DUE</subfield>
  </datafield>
  <datafield tag="983" ind1=" " ind2=" ">
    <subfield code="a">jstc880</subfield>
    <subfield code="9">LOCAL</subfield>
    <subfield code="M">49HBZ_DUE</subfield>
  </datafield>
  <datafield tag="996" ind1=" " ind2=" ">
    <subfield code="s">König</subfield>
    <subfield code="0">(DE-588)4031516-2</subfield>
    <subfield code="9">LOCAL</subfield>
    <subfield code="M">49HBZ_DUE</subfield>
  </datafield>
  <datafield tag="996" ind1=" " ind2=" ">
    <subfield code="s">Mann</subfield>
    <subfield code="0">(DE-588)4037363-0</subfield>
    <subfield code="9">LOCAL</subfield>
    <subfield code="M">49HBZ_DUE</subfield>
  </datafield>
  <datafield tag="996" ind1=" " ind2=" ">
    <subfield code="s">Werk</subfield>
    <subfield code="0">(DE-588)4117633-9</subfield>
    <subfield code="9">LOCAL</subfield>
    <subfield code="M">49HBZ_DUE</subfield>
  </datafield>
  <datafield tag="MBD" ind1=" " ind2=" ">
    <subfield code="M">49HBZ_ULM</subfield>
    <subfield code="i">991018958949706449</subfield>
    <subfield code="n">Universität Münster</subfield>
  </datafield>
  <datafield tag="830" ind1=" " ind2="0">
    <subfield code="a">Studia Judaica</subfield>
    <subfield code="w">(DE-605)HT001247609</subfield>
    <subfield code="v">4</subfield>
    <subfield code="9">O:1</subfield>
    <subfield code="M">49HBZ_ULM</subfield>
  </datafield>
  <datafield tag="856" ind1="4" ind2="2">
    <subfield code="m">V:DE-605;X:Imageware</subfield>
    <subfield code="q">application/pdf</subfield>
    <subfield code="u">http://digitale-objekte.hbz-nrw.de/storage2/2021/05/31/file_1/9034428.pdf</subfield>
    <subfield code="3">Inhaltsverzeichnis</subfield>
    <subfield code="9">O:PKN</subfield>
    <subfield code="M">49HBZ_ULM</subfield>
  </datafield>
  <datafield tag="980" ind1="1" ind2="2">
    <subfield code="e">HBZ</subfield>
    <subfield code="9">LOCAL</subfield>
    <subfield code="M">49HBZ_ULM</subfield>
  </datafield>
  <datafield tag="981" ind1=" " ind2=" ">
    <subfield code="a">(DE-6)50423</subfield>
    <subfield code="9">LOCAL</subfield>
    <subfield code="M">49HBZ_ULM</subfield>
  </datafield>
  <datafield tag="995" ind1=" " ind2=" ">
    <subfield code="a">69 hist 61</subfield>
    <subfield code="2">akz_loc</subfield>
    <subfield code="9">LOCAL</subfield>
    <subfield code="M">49HBZ_ULM</subfield>
  </datafield>
  <datafield tag="995" ind1=" " ind2=" ">
    <subfield code="a">122:69/2</subfield>
    <subfield code="2">akz_loc</subfield>
    <subfield code="9">LOCAL</subfield>
    <subfield code="M">49HBZ_ULM</subfield>
  </datafield>
  <datafield tag="995" ind1=" " ind2=" ">
    <subfield code="a">ZV 240/88</subfield>
    <subfield code="2">akz_loc</subfield>
    <subfield code="9">LOCAL</subfield>
    <subfield code="M">49HBZ_ULM</subfield>
  </datafield>
  <datafield tag="MBD" ind1=" " ind2=" ">
    <subfield code="M">49HBZ_SIE</subfield>
    <subfield code="i">990001880680106462</subfield>
    <subfield code="n">Universität Siegen</subfield>
  </datafield>
  <datafield tag="830" ind1=" " ind2="0">
    <subfield code="a">Studia Judaica</subfield>
    <subfield code="w">(DE-605)HT001247609</subfield>
    <subfield code="v">4</subfield>
    <subfield code="9">O:1</subfield>
    <subfield code="M">49HBZ_SIE</subfield>
  </datafield>
  <datafield tag="856" ind1="4" ind2="2">
    <subfield code="m">V:DE-605;X:Imageware</subfield>
    <subfield code="q">application/pdf</subfield>
    <subfield code="u">http://digitale-objekte.hbz-nrw.de/storage2/2021/05/31/file_1/9034428.pdf</subfield>
    <subfield code="3">Inhaltsverzeichnis</subfield>
    <subfield code="9">O:PKN</subfield>
    <subfield code="M">49HBZ_SIE</subfield>
  </datafield>
  <datafield tag="983" ind1=" " ind2=" ">
    <subfield code="b">INR</subfield>
    <subfield code="9">LOCAL</subfield>
    <subfield code="M">49HBZ_SIE</subfield>
  </datafield>
  <datafield tag="MBD" ind1=" " ind2=" ">
    <subfield code="M">49HBZ_BRIDGE_ULB</subfield>
    <subfield code="i">99138720107502</subfield>
    <subfield code="n">Universitäts- und Landesbibliothek Bonn</subfield>
  </datafield>
  <datafield tag="830" ind1=" " ind2="0">
    <subfield code="a">Studia Judaica</subfield>
    <subfield code="w">(DE-605)HT001247609</subfield>
    <subfield code="v">4</subfield>
    <subfield code="9">O:1</subfield>
    <subfield code="M">49HBZ_BRIDGE_ULB</subfield>
  </datafield>
  <datafield tag="856" ind1="4" ind2="2">
    <subfield code="m">V:DE-605;X:Imageware</subfield>
    <subfield code="q">application/pdf</subfield>
    <subfield code="u">http://digitale-objekte.hbz-nrw.de/storage2/2021/05/31/file_1/9034428.pdf</subfield>
    <subfield code="3">Inhaltsverzeichnis</subfield>
    <subfield code="9">O:PKN</subfield>
    <subfield code="M">49HBZ_BRIDGE_ULB</subfield>
  </datafield>
  <datafield tag="MBD" ind1=" " ind2=" ">
    <subfield code="M">49HBZ_BRIDGE_UBK</subfield>
    <subfield code="i">99161836107147</subfield>
    <subfield code="n">Universitäts- und Stadtbibliothek Köln</subfield>
  </datafield>
  <datafield tag="830" ind1=" " ind2="0">
    <subfield code="a">Studia Judaica</subfield>
    <subfield code="w">(DE-605)HT001247609</subfield>
    <subfield code="v">4</subfield>
    <subfield code="9">O:1</subfield>
    <subfield code="M">49HBZ_BRIDGE_UBK</subfield>
  </datafield>
  <datafield tag="856" ind1="4" ind2="2">
    <subfield code="m">V:DE-605;X:Imageware</subfield>
    <subfield code="q">application/pdf</subfield>
    <subfield code="u">http://digitale-objekte.hbz-nrw.de/storage2/2021/05/31/file_1/9034428.pdf</subfield>
    <subfield code="3">Inhaltsverzeichnis</subfield>
    <subfield code="9">O:PKN</subfield>
    <subfield code="M">49HBZ_BRIDGE_UBK</subfield>
  </datafield>
  <datafield tag="MBD" ind1=" " ind2=" ">
    <subfield code="M">49HBZ_PAD</subfield>
    <subfield code="i">990001355660106463</subfield>
    <subfield code="n">Universitätsbibliothek Paderborn</subfield>
  </datafield>
  <datafield tag="830" ind1=" " ind2="0">
    <subfield code="a">Studia Judaica</subfield>
    <subfield code="w">(DE-605)HT001247609</subfield>
    <subfield code="v">4</subfield>
    <subfield code="9">O:1</subfield>
    <subfield code="M">49HBZ_PAD</subfield>
  </datafield>
  <datafield tag="856" ind1="4" ind2="2">
    <subfield code="m">V:DE-605;X:Imageware</subfield>
    <subfield code="q">application/pdf</subfield>
    <subfield code="u">http://digitale-objekte.hbz-nrw.de/storage2/2021/05/31/file_1/9034428.pdf</subfield>
    <subfield code="3">Inhaltsverzeichnis</subfield>
    <subfield code="9">O:PKN</subfield>
    <subfield code="M">49HBZ_PAD</subfield>
  </datafield>
  <datafield tag="981" ind1=" " ind2=" ">
    <subfield code="a">000135566</subfield>
    <subfield code="l">doclib</subfield>
    <subfield code="9">LOCAL</subfield>
    <subfield code="M">49HBZ_PAD</subfield>
  </datafield>
  <datafield tag="983" ind1=" " ind2=" ">
    <subfield code="a">INR</subfield>
    <subfield code="9">LOCAL</subfield>
    <subfield code="M">49HBZ_PAD</subfield>
  </datafield>
  <datafield tag="MBD" ind1=" " ind2=" ">
    <subfield code="M">49HBZ_BRIDGE_UBT</subfield>
    <subfield code="i">9977896308031</subfield>
    <subfield code="n">Universitätsbibliothek Trier</subfield>
  </datafield>
  <datafield tag="830" ind1=" " ind2="0">
    <subfield code="a">Studia Judaica</subfield>
    <subfield code="w">(DE-605)HT001247609</subfield>
    <subfield code="v">4</subfield>
    <subfield code="9">O:1</subfield>
    <subfield code="M">49HBZ_BRIDGE_UBT</subfield>
  </datafield>
  <datafield tag="856" ind1="4" ind2="2">
    <subfield code="m">V:DE-605;X:Imageware</subfield>
    <subfield code="q">application/pdf</subfield>
    <subfield code="u">http://digitale-objekte.hbz-nrw.de/storage2/2021/05/31/file_1/9034428.pdf</subfield>
    <subfield code="3">Inhaltsverzeichnis</subfield>
    <subfield code="9">O:PKN</subfield>
    <subfield code="M">49HBZ_BRIDGE_UBT</subfield>
  </datafield>
  <datafield tag="MBD" ind1=" " ind2=" ">
    <subfield code="M">49HBZ_BRIDGE_ZBS</subfield>
    <subfield code="i">9920750807146</subfield>
    <subfield code="n">Zentralbibliothek der Sportwissenschaften, Köln</subfield>
  </datafield>
  <datafield tag="830" ind1=" " ind2="0">
    <subfield code="a">Studia Judaica</subfield>
    <subfield code="w">(DE-605)HT001247609</subfield>
    <subfield code="v">4</subfield>
    <subfield code="9">O:1</subfield>
    <subfield code="M">49HBZ_BRIDGE_ZBS</subfield>
  </datafield>
  <datafield tag="856" ind1="4" ind2="2">
    <subfield code="m">V:DE-605;X:Imageware</subfield>
    <subfield code="q">application/pdf</subfield>
    <subfield code="u">http://digitale-objekte.hbz-nrw.de/storage2/2021/05/31/file_1/9034428.pdf</subfield>
    <subfield code="3">Inhaltsverzeichnis</subfield>
    <subfield code="9">O:PKN</subfield>
    <subfield code="M">49HBZ_BRIDGE_ZBS</subfield>
  </datafield>
  <datafield tag="MNG" ind1=" " ind2=" ">
    <subfield code="c">System</subfield>
    <subfield code="f">HBZ</subfield>
    <subfield code="i">marc21</subfield>
    <subfield code="h">20200115164000.0</subfield>
    <subfield code="k">01</subfield>
    <subfield code="e">false</subfield>
    <subfield code="d">2022-09-13 00:39:07 Europe/Berlin</subfield>
    <subfield code="g">005843473-HBZ01</subfield>
    <subfield code="j">60</subfield>
    <subfield code="a">import</subfield>
    <subfield code="b">2021-04-05 19:23:04 Europe/Berlin</subfield>
  </datafield>
  <datafield tag="H52" ind1=" " ind2=" ">
    <subfield code="b">W0001</subfield>
    <subfield code="c">21</subfield>
    <subfield code="h"/>
    <subfield code="8">22143362630006447</subfield>
  </datafield>
  <datafield tag="HOL" ind1=" " ind2=" ">
    <subfield code="b">2021-04-06 08:48:05</subfield>
    <subfield code="8">22143362630006447</subfield>
    <subfield code="M">49HBZ_WUP</subfield>
    <subfield code="g">false</subfield>
    <subfield code="a">import</subfield>
  </datafield>
  <datafield tag="ITM" ind1=" " ind2=" ">
    <subfield code="H">22143362630006447</subfield>
    <subfield code="x">21</subfield>
    <subfield code="f">BOOK</subfield>
    <subfield code="v">21</subfield>
    <subfield code="p">11</subfield>
    <subfield code="X">System</subfield>
    <subfield code="U">1984-08-31 12:59:00 Europe/Berlin</subfield>
    <subfield code="Y">2021-04-06 10:49:02 Europe/Berlin</subfield>
    <subfield code="h">false</subfield>
    <subfield code="n">INR1130</subfield>
    <subfield code="M">49HBZ_WUP</subfield>
    <subfield code="s">1</subfield>
    <subfield code="d">#</subfield>
    <subfield code="V">import</subfield>
    <subfield code="b">000565227000010</subfield>
    <subfield code="a">23143362620006447</subfield>
    <subfield code="t">8</subfield>
    <subfield code="R">Maintenance count: 007</subfield>
    <subfield code="W">1984-08-31 02:00:00 Europe/Berlin</subfield>
    <subfield code="u">W0001</subfield>
    <subfield code="w">W0001</subfield>
  </datafield>
  <datafield tag="H52" ind1="0" ind2=" ">
    <subfield code="b">Z9031</subfield>
    <subfield code="c">UNASSIGNED</subfield>
    <subfield code="8">2232336820007816</subfield>
  </datafield>
  <datafield tag="HOL" ind1=" " ind2=" ">
    <subfield code="d">2023-02-12 14:24:32</subfield>
    <subfield code="8">2232336820007816</subfield>
    <subfield code="b">2023-02-12 14:24:32</subfield>
    <subfield code="M">49HBZ_BRIDGE_FIZ</subfield>
    <subfield code="g">false</subfield>
    <subfield code="a">System</subfield>
    <subfield code="c">System</subfield>
  </datafield>
  <datafield tag="H52" ind1="0" ind2=" ">
    <subfield code="b">Z9030</subfield>
    <subfield code="c">UNASSIGNED</subfield>
    <subfield code="8">2232336830007816</subfield>
  </datafield>
  <datafield tag="HOL" ind1=" " ind2=" ">
    <subfield code="d">2023-02-12 14:24:32</subfield>
    <subfield code="8">2232336830007816</subfield>
    <subfield code="b">2023-02-12 14:24:32</subfield>
    <subfield code="M">49HBZ_BRIDGE_FIZ</subfield>
    <subfield code="g">false</subfield>
    <subfield code="a">System</subfield>
    <subfield code="c">System</subfield>
  </datafield>
  <datafield tag="H52" ind1="0" ind2=" ">
    <subfield code="b">O9002</subfield>
    <subfield code="c">UNASSIGNED</subfield>
    <subfield code="8">2232336800007816</subfield>
  </datafield>
  <datafield tag="HOL" ind1=" " ind2=" ">
    <subfield code="d">2023-02-12 14:24:33</subfield>
    <subfield code="8">2232336800007816</subfield>
    <subfield code="b">2023-02-12 14:24:33</subfield>
    <subfield code="M">49HBZ_BRIDGE_FIZ</subfield>
    <subfield code="g">false</subfield>
    <subfield code="a">System</subfield>
    <subfield code="c">System</subfield>
  </datafield>
  <datafield tag="H52" ind1="0" ind2=" ">
    <subfield code="b">O9023</subfield>
    <subfield code="c">UNASSIGNED</subfield>
    <subfield code="8">2232336810007816</subfield>
  </datafield>
  <datafield tag="HOL" ind1=" " ind2=" ">
    <subfield code="d">2023-02-12 14:24:33</subfield>
    <subfield code="8">2232336810007816</subfield>
    <subfield code="b">2023-02-12 14:24:33</subfield>
    <subfield code="M">49HBZ_BRIDGE_FIZ</subfield>
    <subfield code="g">false</subfield>
    <subfield code="a">System</subfield>
    <subfield code="c">System</subfield>
  </datafield>
  <datafield tag="H52" ind1="0" ind2=" ">
    <subfield code="b">Z9029</subfield>
    <subfield code="c">UNASSIGNED</subfield>
    <subfield code="8">2232336850007816</subfield>
  </datafield>
  <datafield tag="HOL" ind1=" " ind2=" ">
    <subfield code="d">2023-02-12 14:24:32</subfield>
    <subfield code="8">2232336850007816</subfield>
    <subfield code="b">2023-02-12 14:24:32</subfield>
    <subfield code="M">49HBZ_BRIDGE_FIZ</subfield>
    <subfield code="g">false</subfield>
    <subfield code="a">System</subfield>
    <subfield code="c">System</subfield>
  </datafield>
  <datafield tag="H52" ind1="0" ind2=" ">
    <subfield code="b">O9022</subfield>
    <subfield code="c">OPDUE</subfield>
    <subfield code="h">P-006-00710</subfield>
    <subfield code="8">2212022850007507</subfield>
  </datafield>
  <datafield tag="HOL" ind1=" " ind2=" ">
    <subfield code="d">2023-02-12 14:25:23</subfield>
    <subfield code="8">2212022850007507</subfield>
    <subfield code="b">2023-02-12 14:25:23</subfield>
    <subfield code="M">49HBZ_BRIDGE_EDK</subfield>
    <subfield code="g">false</subfield>
    <subfield code="a">System</subfield>
    <subfield code="c">System</subfield>
  </datafield>
  <datafield tag="H52" ind1="0" ind2=" ">
    <subfield code="b">ED001</subfield>
    <subfield code="c">MAG</subfield>
    <subfield code="h">Eca 5307</subfield>
    <subfield code="8">2212022880007507</subfield>
  </datafield>
  <datafield tag="HOL" ind1=" " ind2=" ">
    <subfield code="d">2023-02-12 14:25:22</subfield>
    <subfield code="8">2212022880007507</subfield>
    <subfield code="b">2023-02-12 14:25:22</subfield>
    <subfield code="M">49HBZ_BRIDGE_EDK</subfield>
    <subfield code="g">false</subfield>
    <subfield code="a">System</subfield>
    <subfield code="c">System</subfield>
  </datafield>
  <datafield tag="ITM" ind1=" " ind2=" ">
    <subfield code="H">2212022880007507</subfield>
    <subfield code="x">MAG</subfield>
    <subfield code="f">BOOK</subfield>
    <subfield code="v">MAG</subfield>
    <subfield code="p">10</subfield>
    <subfield code="X">System</subfield>
    <subfield code="Y">1991-08-06 02:00:00 Europe/Berlin</subfield>
    <subfield code="n">Eca 5307</subfield>
    <subfield code="M">49HBZ_BRIDGE_EDK</subfield>
    <subfield code="s">1</subfield>
    <subfield code="d">0</subfield>
    <subfield code="V">System</subfield>
    <subfield code="b">ZZ35221-10</subfield>
    <subfield code="a">2312022860007507</subfield>
    <subfield code="c">Eca 5307</subfield>
    <subfield code="B">1969.1284</subfield>
    <subfield code="D">20020622</subfield>
    <subfield code="W">2023-02-12 15:25:23 Europe/Berlin</subfield>
    <subfield code="u">ED001</subfield>
    <subfield code="w">ED001</subfield>
  </datafield>
  <datafield tag="ITM" ind1=" " ind2=" ">
    <subfield code="H">2212022850007507</subfield>
    <subfield code="x">OPDUE</subfield>
    <subfield code="f">BOOK</subfield>
    <subfield code="v">OPDUE</subfield>
    <subfield code="p">48</subfield>
    <subfield code="X">System</subfield>
    <subfield code="Y">2014-02-21 01:00:00 Europe/Berlin</subfield>
    <subfield code="n">P-006-00710</subfield>
    <subfield code="M">49HBZ_BRIDGE_EDK</subfield>
    <subfield code="s">1</subfield>
    <subfield code="d">0</subfield>
    <subfield code="V">System</subfield>
    <subfield code="b">35221-20</subfield>
    <subfield code="a">2312022840007507</subfield>
    <subfield code="c">P-006-00710</subfield>
    <subfield code="D">00000000</subfield>
    <subfield code="q">Bibliothek</subfield>
    <subfield code="W">2023-02-12 15:25:23 Europe/Berlin</subfield>
    <subfield code="u">O9022</subfield>
    <subfield code="w">O9022</subfield>
  </datafield>
  <datafield tag="H52" ind1="0" ind2=" ">
    <subfield code="b">L0001</subfield>
    <subfield code="c">00000000</subfield>
    <subfield code="h">03-Gb 424</subfield>
    <subfield code="8">2212087800007918</subfield>
  </datafield>
  <datafield tag="HOL" ind1=" " ind2=" ">
    <subfield code="d">2023-02-12 14:25:27</subfield>
    <subfield code="8">2212087800007918</subfield>
    <subfield code="b">2023-02-12 14:25:27</subfield>
    <subfield code="M">49HBZ_BRIDGE_DET</subfield>
    <subfield code="g">false</subfield>
    <subfield code="a">System</subfield>
    <subfield code="c">System</subfield>
  </datafield>
  <datafield tag="ITM" ind1=" " ind2=" ">
    <subfield code="H">2212087800007918</subfield>
    <subfield code="x">00000000</subfield>
    <subfield code="f">BOOK</subfield>
    <subfield code="v">00000000</subfield>
    <subfield code="p">02</subfield>
    <subfield code="X">System</subfield>
    <subfield code="Y">2014-01-13 01:00:00 Europe/Berlin</subfield>
    <subfield code="n">03-Gb 424</subfield>
    <subfield code="M">49HBZ_BRIDGE_DET</subfield>
    <subfield code="s">1</subfield>
    <subfield code="d">0</subfield>
    <subfield code="V">System</subfield>
    <subfield code="b">03715729</subfield>
    <subfield code="a">2312087760007918</subfield>
    <subfield code="c">03-Gb 424</subfield>
    <subfield code="W">2023-02-12 15:25:27 Europe/Berlin</subfield>
    <subfield code="u">L0001</subfield>
    <subfield code="w">L0001</subfield>
  </datafield>
  <datafield tag="H52" ind1="0" ind2=" ">
    <subfield code="b">T0006</subfield>
    <subfield code="c">M</subfield>
    <subfield code="h">V 1262:4</subfield>
    <subfield code="8">2210584340007817</subfield>
  </datafield>
  <datafield tag="HOL" ind1=" " ind2=" ">
    <subfield code="d">2023-02-12 14:25:18</subfield>
    <subfield code="8">2210584340007817</subfield>
    <subfield code="b">2023-02-12 14:25:18</subfield>
    <subfield code="M">49HBZ_BRIDGE_PTR</subfield>
    <subfield code="g">false</subfield>
    <subfield code="a">System</subfield>
    <subfield code="c">System</subfield>
  </datafield>
  <datafield tag="ITM" ind1=" " ind2=" ">
    <subfield code="H">2210584340007817</subfield>
    <subfield code="x">M</subfield>
    <subfield code="f">BOOK</subfield>
    <subfield code="v">M</subfield>
    <subfield code="p">11</subfield>
    <subfield code="X">System</subfield>
    <subfield code="Y">1999-11-30 01:00:00 Europe/Berlin</subfield>
    <subfield code="n">V 1262:4</subfield>
    <subfield code="M">49HBZ_BRIDGE_PTR</subfield>
    <subfield code="s">1</subfield>
    <subfield code="d">0</subfield>
    <subfield code="V">System</subfield>
    <subfield code="b">:96003728051</subfield>
    <subfield code="a">2310584320007817</subfield>
    <subfield code="c">V 1262:4</subfield>
    <subfield code="B">1969/1237</subfield>
    <subfield code="D">20000217</subfield>
    <subfield code="W">2023-02-12 15:25:18 Europe/Berlin</subfield>
    <subfield code="u">T0006</subfield>
    <subfield code="w">T0006</subfield>
  </datafield>
  <datafield tag="H52" ind1="0" ind2=" ">
    <subfield code="b">R0003</subfield>
    <subfield code="c">00001000</subfield>
    <subfield code="h">5.4207</subfield>
    <subfield code="8">2221360090007506</subfield>
  </datafield>
  <datafield tag="HOL" ind1=" " ind2=" ">
    <subfield code="d">2023-02-12 14:24:46</subfield>
    <subfield code="8">2221360090007506</subfield>
    <subfield code="b">2023-02-12 14:24:46</subfield>
    <subfield code="M">49HBZ_BRIDGE_LBZ</subfield>
    <subfield code="g">false</subfield>
    <subfield code="a">System</subfield>
    <subfield code="c">System</subfield>
  </datafield>
  <datafield tag="ITM" ind1=" " ind2=" ">
    <subfield code="H">2221360090007506</subfield>
    <subfield code="x">00001000</subfield>
    <subfield code="f">BOOK</subfield>
    <subfield code="v">00001000</subfield>
    <subfield code="p">02</subfield>
    <subfield code="X">System</subfield>
    <subfield code="Y">2013-08-26 02:00:00 Europe/Berlin</subfield>
    <subfield code="n">5.4207</subfield>
    <subfield code="M">49HBZ_BRIDGE_LBZ</subfield>
    <subfield code="s">1</subfield>
    <subfield code="d">0</subfield>
    <subfield code="V">System</subfield>
    <subfield code="b">707452803107</subfield>
    <subfield code="a">2321360050007506</subfield>
    <subfield code="c">5.4207</subfield>
    <subfield code="W">2023-02-12 15:24:46 Europe/Berlin</subfield>
    <subfield code="u">R0003</subfield>
    <subfield code="w">R0003</subfield>
  </datafield>
  <datafield tag="H52" ind1="0" ind2=" ">
    <subfield code="b">B0001</subfield>
    <subfield code="c">00000021</subfield>
    <subfield code="h">RSB821</subfield>
    <subfield code="8">2252659020007503</subfield>
  </datafield>
  <datafield tag="HOL" ind1=" " ind2=" ">
    <subfield code="d">2023-02-12 14:24:01</subfield>
    <subfield code="8">2252659020007503</subfield>
    <subfield code="b">2023-02-12 14:24:01</subfield>
    <subfield code="M">49HBZ_BRIDGE_UBO</subfield>
    <subfield code="g">false</subfield>
    <subfield code="a">System</subfield>
    <subfield code="c">System</subfield>
  </datafield>
  <datafield tag="H52" ind1="0" ind2=" ">
    <subfield code="b">B2001</subfield>
    <subfield code="c">00011000</subfield>
    <subfield code="h">Hm 40.11.2/10</subfield>
    <subfield code="8">2252658920007503</subfield>
  </datafield>
  <datafield tag="HOL" ind1=" " ind2=" ">
    <subfield code="d">2023-02-12 14:24:01</subfield>
    <subfield code="8">2252658920007503</subfield>
    <subfield code="b">2023-02-12 14:24:01</subfield>
    <subfield code="M">49HBZ_BRIDGE_UBO</subfield>
    <subfield code="g">false</subfield>
    <subfield code="a">System</subfield>
    <subfield code="c">System</subfield>
  </datafield>
  <datafield tag="H52" ind1="0" ind2=" ">
    <subfield code="b">B4009</subfield>
    <subfield code="c">00021000</subfield>
    <subfield code="h">JU V Bb 33</subfield>
    <subfield code="8">2252658850007503</subfield>
  </datafield>
  <datafield tag="HOL" ind1=" " ind2=" ">
    <subfield code="d">2023-02-12 14:24:01</subfield>
    <subfield code="8">2252658850007503</subfield>
    <subfield code="b">2023-02-12 14:24:01</subfield>
    <subfield code="M">49HBZ_BRIDGE_UBO</subfield>
    <subfield code="g">false</subfield>
    <subfield code="a">System</subfield>
    <subfield code="c">System</subfield>
  </datafield>
  <datafield tag="H52" ind1="0" ind2=" ">
    <subfield code="b">B4026</subfield>
    <subfield code="c">00038000</subfield>
    <subfield code="h">NT 5b 22</subfield>
    <subfield code="8">2252659160007503</subfield>
  </datafield>
  <datafield tag="HOL" ind1=" " ind2=" ">
    <subfield code="d">2023-02-12 14:24:00</subfield>
    <subfield code="8">2252659160007503</subfield>
    <subfield code="b">2023-02-12 14:24:00</subfield>
    <subfield code="M">49HBZ_BRIDGE_UBO</subfield>
    <subfield code="g">false</subfield>
    <subfield code="a">System</subfield>
    <subfield code="c">System</subfield>
  </datafield>
  <datafield tag="ITM" ind1=" " ind2=" ">
    <subfield code="H">2252658920007503</subfield>
    <subfield code="x">00011000</subfield>
    <subfield code="f">BOOK</subfield>
    <subfield code="v">00011000</subfield>
    <subfield code="p">04</subfield>
    <subfield code="X">System</subfield>
    <subfield code="Y">2009-02-05 01:00:00 Europe/Berlin</subfield>
    <subfield code="n">Hm 40.11.2/10</subfield>
    <subfield code="M">49HBZ_BRIDGE_UBO</subfield>
    <subfield code="s">1</subfield>
    <subfield code="d">0</subfield>
    <subfield code="V">System</subfield>
    <subfield code="b">TEMPHBZ60030859789-000010</subfield>
    <subfield code="a">2352658900007503</subfield>
    <subfield code="c">Hm 40.11.2/10</subfield>
    <subfield code="W">2023-02-12 15:24:01 Europe/Berlin</subfield>
    <subfield code="u">B2001</subfield>
    <subfield code="w">B2001</subfield>
  </datafield>
  <datafield tag="ITM" ind1=" " ind2=" ">
    <subfield code="H">2252658850007503</subfield>
    <subfield code="x">00021000</subfield>
    <subfield code="f">BOOK</subfield>
    <subfield code="v">00021000</subfield>
    <subfield code="p">04</subfield>
    <subfield code="X">System</subfield>
    <subfield code="Y">2013-12-18 01:00:00 Europe/Berlin</subfield>
    <subfield code="n">JU V Bb 33</subfield>
    <subfield code="M">49HBZ_BRIDGE_UBO</subfield>
    <subfield code="s">1</subfield>
    <subfield code="d">0</subfield>
    <subfield code="V">System</subfield>
    <subfield code="b">TEMPHBZ60035269470-000010</subfield>
    <subfield code="a">2352658810007503</subfield>
    <subfield code="c">JU V Bb 33</subfield>
    <subfield code="W">2023-02-12 15:24:01 Europe/Berlin</subfield>
    <subfield code="u">B4009</subfield>
    <subfield code="w">B4009</subfield>
  </datafield>
  <datafield tag="ITM" ind1=" " ind2=" ">
    <subfield code="H">2252659160007503</subfield>
    <subfield code="x">00038000</subfield>
    <subfield code="f">BOOK</subfield>
    <subfield code="v">00038000</subfield>
    <subfield code="p">04</subfield>
    <subfield code="X">System</subfield>
    <subfield code="Y">2009-11-24 01:00:00 Europe/Berlin</subfield>
    <subfield code="n">NT 5b 22</subfield>
    <subfield code="M">49HBZ_BRIDGE_UBO</subfield>
    <subfield code="s">1</subfield>
    <subfield code="d">0</subfield>
    <subfield code="V">System</subfield>
    <subfield code="b">TEMP70838</subfield>
    <subfield code="a">2352659090007503</subfield>
    <subfield code="c">NT 5b 22</subfield>
    <subfield code="W">2023-02-12 15:24:00 Europe/Berlin</subfield>
    <subfield code="u">B4026</subfield>
    <subfield code="w">B4026</subfield>
  </datafield>
  <datafield tag="ITM" ind1=" " ind2=" ">
    <subfield code="H">2252659020007503</subfield>
    <subfield code="x">00000021</subfield>
    <subfield code="f">BOOK</subfield>
    <subfield code="v">00000021</subfield>
    <subfield code="p">02</subfield>
    <subfield code="X">System</subfield>
    <subfield code="Y">2009-02-05 01:00:00 Europe/Berlin</subfield>
    <subfield code="n">RSB821</subfield>
    <subfield code="M">49HBZ_BRIDGE_UBO</subfield>
    <subfield code="s">1</subfield>
    <subfield code="d">0</subfield>
    <subfield code="V">System</subfield>
    <subfield code="b">RSB821</subfield>
    <subfield code="a">2352658980007503</subfield>
    <subfield code="c">RSB821</subfield>
    <subfield code="W">2023-02-12 15:24:01 Europe/Berlin</subfield>
    <subfield code="u">B0001</subfield>
    <subfield code="w">B0001</subfield>
  </datafield>
  <datafield tag="H52" ind1="8" ind2=" ">
    <subfield code="b">E0001</subfield>
    <subfield code="c">E11</subfield>
    <subfield code="h">LBB1092</subfield>
    <subfield code="8">22378107650006446</subfield>
  </datafield>
  <datafield tag="HOL" ind1=" " ind2=" ">
    <subfield code="b">2021-04-15 16:28:06</subfield>
    <subfield code="8">22378107650006446</subfield>
    <subfield code="M">49HBZ_UDE</subfield>
    <subfield code="g">false</subfield>
    <subfield code="a">import</subfield>
  </datafield>
  <datafield tag="ITM" ind1=" " ind2=" ">
    <subfield code="H">22378107650006446</subfield>
    <subfield code="x">E11</subfield>
    <subfield code="f">BOOK</subfield>
    <subfield code="v">E11</subfield>
    <subfield code="X">System</subfield>
    <subfield code="U">1984-08-31 12:59:00 Europe/Berlin</subfield>
    <subfield code="Y">2023-01-25 08:53:08 Europe/Berlin</subfield>
    <subfield code="h">false</subfield>
    <subfield code="n">LBB1092</subfield>
    <subfield code="M">49HBZ_UDE</subfield>
    <subfield code="s">1</subfield>
    <subfield code="d">8</subfield>
    <subfield code="V">import</subfield>
    <subfield code="b">LBB1092</subfield>
    <subfield code="a">23378107640006446</subfield>
    <subfield code="t">8</subfield>
    <subfield code="c">LBB1092</subfield>
    <subfield code="B">77/16982</subfield>
    <subfield code="D">20000217</subfield>
    <subfield code="W">1984-08-31 02:00:00 Europe/Berlin</subfield>
    <subfield code="u">E0001</subfield>
    <subfield code="w">E0001</subfield>
  </datafield>
  <datafield tag="H52" ind1="8" ind2=" ">
    <subfield code="b">X0001</subfield>
    <subfield code="c">00</subfield>
    <subfield code="h">JUEDG432:4</subfield>
    <subfield code="8">22316394080006443</subfield>
  </datafield>
  <datafield tag="HOL" ind1=" " ind2=" ">
    <subfield code="b">2021-04-01 13:04:42</subfield>
    <subfield code="8">22316394080006443</subfield>
    <subfield code="M">49HBZ_DUE</subfield>
    <subfield code="g">false</subfield>
    <subfield code="a">import</subfield>
  </datafield>
  <datafield tag="H52" ind1="8" ind2=" ">
    <subfield code="b">X0025</subfield>
    <subfield code="c">25</subfield>
    <subfield code="h">jstc880.s168</subfield>
    <subfield code="8">22316394040006443</subfield>
  </datafield>
  <datafield tag="HOL" ind1=" " ind2=" ">
    <subfield code="d">2022-09-12 15:06:20</subfield>
    <subfield code="8">22316394040006443</subfield>
    <subfield code="b">2021-04-01 13:04:42</subfield>
    <subfield code="M">49HBZ_DUE</subfield>
    <subfield code="g">false</subfield>
    <subfield code="a">import</subfield>
    <subfield code="c">System</subfield>
  </datafield>
  <datafield tag="H52" ind1="8" ind2=" ">
    <subfield code="b">X0001</subfield>
    <subfield code="c">00</subfield>
    <subfield code="h">jst/a0045</subfield>
    <subfield code="8">22316394060006443</subfield>
  </datafield>
  <datafield tag="HOL" ind1=" " ind2=" ">
    <subfield code="b">2021-04-01 13:04:42</subfield>
    <subfield code="8">22316394060006443</subfield>
    <subfield code="M">49HBZ_DUE</subfield>
    <subfield code="g">false</subfield>
    <subfield code="a">import</subfield>
  </datafield>
  <datafield tag="ITM" ind1=" " ind2=" ">
    <subfield code="H">22316394080006443</subfield>
    <subfield code="x">00</subfield>
    <subfield code="f">BOOK</subfield>
    <subfield code="v">00</subfield>
    <subfield code="p">11</subfield>
    <subfield code="X">System</subfield>
    <subfield code="U">2000-08-17 12:59:00 Europe/Berlin</subfield>
    <subfield code="Y">2021-04-01 15:06:00 Europe/Berlin</subfield>
    <subfield code="h">false</subfield>
    <subfield code="M">49HBZ_DUE</subfield>
    <subfield code="s">1</subfield>
    <subfield code="d">8</subfield>
    <subfield code="V">import</subfield>
    <subfield code="b">402856101</subfield>
    <subfield code="a">23316394070006443</subfield>
    <subfield code="R">Maintenance count: 001</subfield>
    <subfield code="c">JUEDG432:4</subfield>
    <subfield code="W">2000-08-17 02:00:00 Europe/Berlin</subfield>
    <subfield code="u">X0001</subfield>
    <subfield code="w">X0001</subfield>
  </datafield>
  <datafield tag="ITM" ind1=" " ind2=" ">
    <subfield code="H">22316394040006443</subfield>
    <subfield code="x">25</subfield>
    <subfield code="f">BOOK</subfield>
    <subfield code="v">25</subfield>
    <subfield code="p">10</subfield>
    <subfield code="X">System</subfield>
    <subfield code="U">2004-01-13 11:59:00 Europe/Berlin</subfield>
    <subfield code="Y">2021-04-01 15:06:00 Europe/Berlin</subfield>
    <subfield code="h">false</subfield>
    <subfield code="M">49HBZ_DUE</subfield>
    <subfield code="s">1</subfield>
    <subfield code="d">8</subfield>
    <subfield code="V">import</subfield>
    <subfield code="b">402856102</subfield>
    <subfield code="a">23316394030006443</subfield>
    <subfield code="R">Maintenance count: 030</subfield>
    <subfield code="c">jstc880.s168</subfield>
    <subfield code="B">Unverl_Zugang613</subfield>
    <subfield code="D">20040113</subfield>
    <subfield code="W">2004-01-13 01:00:00 Europe/Berlin</subfield>
    <subfield code="u">X0025</subfield>
    <subfield code="w">X0025</subfield>
  </datafield>
  <datafield tag="ITM" ind1=" " ind2=" ">
    <subfield code="H">22316394060006443</subfield>
    <subfield code="x">00</subfield>
    <subfield code="f">BOOK</subfield>
    <subfield code="v">00</subfield>
    <subfield code="p">11</subfield>
    <subfield code="X">System</subfield>
    <subfield code="U">2004-01-13 11:59:00 Europe/Berlin</subfield>
    <subfield code="Y">2021-04-01 15:06:00 Europe/Berlin</subfield>
    <subfield code="h">false</subfield>
    <subfield code="M">49HBZ_DUE</subfield>
    <subfield code="s">1</subfield>
    <subfield code="d">8</subfield>
    <subfield code="V">import</subfield>
    <subfield code="b">402856103</subfield>
    <subfield code="a">23316394050006443</subfield>
    <subfield code="R">Maintenance count: 001</subfield>
    <subfield code="c">jst/a0045</subfield>
    <subfield code="W">2004-01-13 01:00:00 Europe/Berlin</subfield>
    <subfield code="u">X0001</subfield>
    <subfield code="w">X0001</subfield>
  </datafield>
  <datafield tag="H52" ind1="8" ind2=" ">
    <subfield code="b">KATJ</subfield>
    <subfield code="c">KATJ_BIB</subfield>
    <subfield code="h">HS:C-25,4</subfield>
    <subfield code="8">22602951580006449</subfield>
  </datafield>
  <datafield tag="HOL" ind1=" " ind2=" ">
    <subfield code="b">2022-07-11 13:14:04</subfield>
    <subfield code="8">22602951580006449</subfield>
    <subfield code="M">49HBZ_ULM</subfield>
    <subfield code="g">false</subfield>
    <subfield code="a">import</subfield>
  </datafield>
  <datafield tag="H52" ind1="8" ind2=" ">
    <subfield code="b">IJD</subfield>
    <subfield code="c">IJD_BIB</subfield>
    <subfield code="h">Oa 47 S 297</subfield>
    <subfield code="8">22602951500006449</subfield>
  </datafield>
  <datafield tag="HOL" ind1=" " ind2=" ">
    <subfield code="b">2022-07-11 13:14:04</subfield>
    <subfield code="8">22602951500006449</subfield>
    <subfield code="M">49HBZ_ULM</subfield>
    <subfield code="g">false</subfield>
    <subfield code="a">import</subfield>
  </datafield>
  <datafield tag="H52" ind1="8" ind2=" ">
    <subfield code="b">ZB</subfield>
    <subfield code="c">ZB_FHM2</subfield>
    <subfield code="h">3G 18788</subfield>
    <subfield code="8">22602951650006449</subfield>
  </datafield>
  <datafield tag="HOL" ind1=" " ind2=" ">
    <subfield code="b">2022-07-11 13:14:04</subfield>
    <subfield code="8">22602951650006449</subfield>
    <subfield code="M">49HBZ_ULM</subfield>
    <subfield code="g">false</subfield>
    <subfield code="a">import</subfield>
  </datafield>
  <datafield tag="H52" ind1="8" ind2=" ">
    <subfield code="b">EVT</subfield>
    <subfield code="c">EVT_BIB</subfield>
    <subfield code="h">NT Gab 969</subfield>
    <subfield code="8">22602951540006449</subfield>
  </datafield>
  <datafield tag="HOL" ind1=" " ind2=" ">
    <subfield code="b">2022-07-11 13:14:04</subfield>
    <subfield code="8">22602951540006449</subfield>
    <subfield code="M">49HBZ_ULM</subfield>
    <subfield code="g">false</subfield>
    <subfield code="a">import</subfield>
  </datafield>
  <datafield tag="H52" ind1="8" ind2=" ">
    <subfield code="b">FBH</subfield>
    <subfield code="c">FBH_KPBIB</subfield>
    <subfield code="h">Hist 6,68/10</subfield>
    <subfield code="8">22602951620006449</subfield>
  </datafield>
  <datafield tag="HOL" ind1=" " ind2=" ">
    <subfield code="b">2022-07-11 13:14:04</subfield>
    <subfield code="8">22602951620006449</subfield>
    <subfield code="M">49HBZ_ULM</subfield>
    <subfield code="g">false</subfield>
    <subfield code="a">import</subfield>
  </datafield>
  <datafield tag="ITM" ind1=" " ind2=" ">
    <subfield code="H">22602951500006449</subfield>
    <subfield code="x">IJD_BIB</subfield>
    <subfield code="f">BOOK</subfield>
    <subfield code="v">IJD_BIB</subfield>
    <subfield code="X">AMO_TL2_FIX</subfield>
    <subfield code="U">2022-07-10 12:59:00 Europe/Berlin</subfield>
    <subfield code="Y">2022-07-12 13:10:54 Europe/Berlin</subfield>
    <subfield code="h">false</subfield>
    <subfield code="Q">SISIS-Ausleihzähler Migrationsjahr: 0 | SISIS-Ausleihzähler Vor-Migrationsjahr: 0 | SISIS-Ausleihzähler vorletztes Migrationsjahr: 0</subfield>
    <subfield code="M">49HBZ_ULM</subfield>
    <subfield code="s">1</subfield>
    <subfield code="d">8</subfield>
    <subfield code="V">import</subfield>
    <subfield code="L">nS</subfield>
    <subfield code="b">Z140-016417</subfield>
    <subfield code="O">Fernleihkonditionen: 3</subfield>
    <subfield code="a">23602951480006449</subfield>
    <subfield code="R">DBS-Systematik: 0</subfield>
    <subfield code="c">Oa 47 S 297</subfield>
    <subfield code="W">2022-07-11 15:14:04 Europe/Berlin</subfield>
    <subfield code="u">IJD</subfield>
    <subfield code="w">IJD</subfield>
  </datafield>
  <datafield tag="ITM" ind1=" " ind2=" ">
    <subfield code="H">22602951650006449</subfield>
    <subfield code="x">ZB_FHM2</subfield>
    <subfield code="f">BOOK</subfield>
    <subfield code="v">ZB_FHM2</subfield>
    <subfield code="X">AMO_TL2_FIX</subfield>
    <subfield code="U">2022-07-10 12:59:00 Europe/Berlin</subfield>
    <subfield code="Y">2022-07-12 13:10:54 Europe/Berlin</subfield>
    <subfield code="h">false</subfield>
    <subfield code="Q">SISIS-Ausleihzähler Migrationsjahr: 0 | SISIS-Ausleihzähler Vor-Migrationsjahr: 0 | SISIS-Ausleihzähler vorletztes Migrationsjahr: 0</subfield>
    <subfield code="M">49HBZ_ULM</subfield>
    <subfield code="s">1</subfield>
    <subfield code="d">8</subfield>
    <subfield code="V">import</subfield>
    <subfield code="b">3G 18788</subfield>
    <subfield code="O">Fernleihkonditionen: 0</subfield>
    <subfield code="a">23602951640006449</subfield>
    <subfield code="R">DBS-Systematik: 0</subfield>
    <subfield code="c">3G 18788</subfield>
    <subfield code="W">2022-07-11 15:14:04 Europe/Berlin</subfield>
    <subfield code="u">ZB</subfield>
    <subfield code="w">ZB</subfield>
  </datafield>
  <datafield tag="ITM" ind1=" " ind2=" ">
    <subfield code="H">22602951540006449</subfield>
    <subfield code="x">EVT_BIB</subfield>
    <subfield code="f">BOOK</subfield>
    <subfield code="v">EVT_BIB</subfield>
    <subfield code="X">AMO_TL2_FIX</subfield>
    <subfield code="U">2022-07-10 12:59:00 Europe/Berlin</subfield>
    <subfield code="Y">2022-07-12 13:10:54 Europe/Berlin</subfield>
    <subfield code="h">false</subfield>
    <subfield code="Q">SISIS-Ausleihzähler Migrationsjahr: 0 | SISIS-Ausleihzähler Vor-Migrationsjahr: 0 | SISIS-Ausleihzähler vorletztes Migrationsjahr: 0</subfield>
    <subfield code="M">49HBZ_ULM</subfield>
    <subfield code="s">1</subfield>
    <subfield code="d">8</subfield>
    <subfield code="V">import</subfield>
    <subfield code="b">Z33-001736</subfield>
    <subfield code="O">Fernleihkonditionen: 3</subfield>
    <subfield code="a">23602951510006449</subfield>
    <subfield code="R">DBS-Systematik: 0</subfield>
    <subfield code="c">NT Gab 969</subfield>
    <subfield code="W">2022-07-11 15:14:04 Europe/Berlin</subfield>
    <subfield code="u">EVT</subfield>
    <subfield code="w">EVT</subfield>
  </datafield>
  <datafield tag="ITM" ind1=" " ind2=" ">
    <subfield code="H">22602951580006449</subfield>
    <subfield code="x">KATJ_BIB</subfield>
    <subfield code="f">BOOK</subfield>
    <subfield code="v">KATJ_BIB</subfield>
    <subfield code="X">AMO_TL2_FIX</subfield>
    <subfield code="U">2022-07-10 12:59:00 Europe/Berlin</subfield>
    <subfield code="Y">2022-07-12 13:10:54 Europe/Berlin</subfield>
    <subfield code="h">false</subfield>
    <subfield code="Q">SISIS-Ausleihzähler Migrationsjahr: 0 | SISIS-Ausleihzähler Vor-Migrationsjahr: 0 | SISIS-Ausleihzähler vorletztes Migrationsjahr: 0</subfield>
    <subfield code="M">49HBZ_ULM</subfield>
    <subfield code="s">1</subfield>
    <subfield code="d">8</subfield>
    <subfield code="V">import</subfield>
    <subfield code="b">Z30-002690</subfield>
    <subfield code="O">Fernleihkonditionen: 3</subfield>
    <subfield code="a">23602951550006449</subfield>
    <subfield code="R">DBS-Systematik: 0</subfield>
    <subfield code="c">HS:C-25,4</subfield>
    <subfield code="W">2022-07-11 15:14:04 Europe/Berlin</subfield>
    <subfield code="u">KATJ</subfield>
    <subfield code="w">KATJ</subfield>
  </datafield>
  <datafield tag="ITM" ind1=" " ind2=" ">
    <subfield code="H">22602951620006449</subfield>
    <subfield code="x">FBH_KPBIB</subfield>
    <subfield code="f">BOOK</subfield>
    <subfield code="v">FBH_KPBIB</subfield>
    <subfield code="X">AMO_TL2_FIX</subfield>
    <subfield code="U">2022-07-10 12:59:00 Europe/Berlin</subfield>
    <subfield code="Y">2022-07-12 13:10:54 Europe/Berlin</subfield>
    <subfield code="h">false</subfield>
    <subfield code="Q">SISIS-Ausleihzähler Migrationsjahr: 0 | SISIS-Ausleihzähler Vor-Migrationsjahr: 0 | SISIS-Ausleihzähler vorletztes Migrationsjahr: 0</subfield>
    <subfield code="M">49HBZ_ULM</subfield>
    <subfield code="s">1</subfield>
    <subfield code="d">8</subfield>
    <subfield code="V">import</subfield>
    <subfield code="b">Z15-000825</subfield>
    <subfield code="O">Fernleihkonditionen: 3</subfield>
    <subfield code="a">23602951590006449</subfield>
    <subfield code="R">DBS-Systematik: 0</subfield>
    <subfield code="c">Hist 6,68/10</subfield>
    <subfield code="W">2022-07-11 15:14:04 Europe/Berlin</subfield>
    <subfield code="u">FBH</subfield>
    <subfield code="w">FBH</subfield>
  </datafield>
  <datafield tag="H52" ind1="8" ind2=" ">
    <subfield code="b">S0001</subfield>
    <subfield code="c">H5</subfield>
    <subfield code="8">2294453400006462</subfield>
  </datafield>
  <datafield tag="HOL" ind1=" " ind2=" ">
    <subfield code="b">2022-07-11 09:32:10</subfield>
    <subfield code="8">2294453400006462</subfield>
    <subfield code="M">49HBZ_SIE</subfield>
    <subfield code="g">false</subfield>
    <subfield code="a">import</subfield>
  </datafield>
  <datafield tag="ITM" ind1=" " ind2=" ">
    <subfield code="H">2294453400006462</subfield>
    <subfield code="x">H5</subfield>
    <subfield code="f">BOOK</subfield>
    <subfield code="v">H5</subfield>
    <subfield code="p">10</subfield>
    <subfield code="X">System</subfield>
    <subfield code="U">1984-08-31 12:59:00 Europe/Berlin</subfield>
    <subfield code="Y">2022-07-11 11:33:07 Europe/Berlin</subfield>
    <subfield code="h">false</subfield>
    <subfield code="n">21INR1017</subfield>
    <subfield code="M">49HBZ_SIE</subfield>
    <subfield code="s">1</subfield>
    <subfield code="d">8</subfield>
    <subfield code="V">import</subfield>
    <subfield code="b">21INR1017</subfield>
    <subfield code="a">2394453370006462</subfield>
    <subfield code="t">8</subfield>
    <subfield code="R">Maintenance count: 013</subfield>
    <subfield code="B">74/18390</subfield>
    <subfield code="D">20000217</subfield>
    <subfield code="W">1984-08-31 02:00:00 Europe/Berlin</subfield>
    <subfield code="u">S0001</subfield>
    <subfield code="w">S0001</subfield>
  </datafield>
  <datafield tag="H52" ind1="0" ind2=" ">
    <subfield code="b">Q1146</subfield>
    <subfield code="c">00055000</subfield>
    <subfield code="h">Fc 7720</subfield>
    <subfield code="8">2262192430007502</subfield>
  </datafield>
  <datafield tag="HOL" ind1=" " ind2=" ">
    <subfield code="d">2023-02-12 14:24:55</subfield>
    <subfield code="8">2262192430007502</subfield>
    <subfield code="b">2023-02-12 14:24:55</subfield>
    <subfield code="M">49HBZ_BRIDGE_ULB</subfield>
    <subfield code="g">false</subfield>
    <subfield code="a">System</subfield>
    <subfield code="c">System</subfield>
  </datafield>
  <datafield tag="H52" ind1="0" ind2=" ">
    <subfield code="b">Q1004</subfield>
    <subfield code="c">00010001</subfield>
    <subfield code="h">BC 8740 S297</subfield>
    <subfield code="8">2262192330007502</subfield>
  </datafield>
  <datafield tag="HOL" ind1=" " ind2=" ">
    <subfield code="d">2023-02-12 14:24:56</subfield>
    <subfield code="8">2262192330007502</subfield>
    <subfield code="b">2023-02-12 14:24:56</subfield>
    <subfield code="M">49HBZ_BRIDGE_ULB</subfield>
    <subfield code="g">false</subfield>
    <subfield code="a">System</subfield>
    <subfield code="c">System</subfield>
  </datafield>
  <datafield tag="H52" ind1="0" ind2=" ">
    <subfield code="b">Q0001</subfield>
    <subfield code="c">00000000</subfield>
    <subfield code="h">69/4564</subfield>
    <subfield code="8">2262192380007502</subfield>
  </datafield>
  <datafield tag="HOL" ind1=" " ind2=" ">
    <subfield code="d">2023-02-12 14:24:56</subfield>
    <subfield code="8">2262192380007502</subfield>
    <subfield code="b">2023-02-12 14:24:56</subfield>
    <subfield code="M">49HBZ_BRIDGE_ULB</subfield>
    <subfield code="g">false</subfield>
    <subfield code="a">System</subfield>
    <subfield code="c">System</subfield>
  </datafield>
  <datafield tag="ITM" ind1=" " ind2=" ">
    <subfield code="H">2262192330007502</subfield>
    <subfield code="x">00010001</subfield>
    <subfield code="f">BOOK</subfield>
    <subfield code="v">00010001</subfield>
    <subfield code="p">04</subfield>
    <subfield code="X">System</subfield>
    <subfield code="Y">2015-02-17 01:00:00 Europe/Berlin</subfield>
    <subfield code="n">BC 8740 S297</subfield>
    <subfield code="M">49HBZ_BRIDGE_ULB</subfield>
    <subfield code="s">1</subfield>
    <subfield code="d">0</subfield>
    <subfield code="V">System</subfield>
    <subfield code="b">TK-077339</subfield>
    <subfield code="a">2362192310007502</subfield>
    <subfield code="c">BC 8740 S297</subfield>
    <subfield code="W">2023-02-12 15:24:56 Europe/Berlin</subfield>
    <subfield code="u">Q1004</subfield>
    <subfield code="w">Q1004</subfield>
  </datafield>
  <datafield tag="ITM" ind1=" " ind2=" ">
    <subfield code="H">2262192380007502</subfield>
    <subfield code="x">00000000</subfield>
    <subfield code="f">BOOK</subfield>
    <subfield code="v">00000000</subfield>
    <subfield code="p">02</subfield>
    <subfield code="X">System</subfield>
    <subfield code="Y">2015-03-31 02:00:00 Europe/Berlin</subfield>
    <subfield code="n">69/4564</subfield>
    <subfield code="M">49HBZ_BRIDGE_ULB</subfield>
    <subfield code="s">1</subfield>
    <subfield code="d">0</subfield>
    <subfield code="V">System</subfield>
    <subfield code="b">69/4564</subfield>
    <subfield code="a">2362192360007502</subfield>
    <subfield code="c">69/4564</subfield>
    <subfield code="W">2023-02-12 15:24:56 Europe/Berlin</subfield>
    <subfield code="u">Q0001</subfield>
    <subfield code="w">Q0001</subfield>
  </datafield>
  <datafield tag="ITM" ind1=" " ind2=" ">
    <subfield code="H">2262192430007502</subfield>
    <subfield code="x">00055000</subfield>
    <subfield code="f">BOOK</subfield>
    <subfield code="v">00055000</subfield>
    <subfield code="p">04</subfield>
    <subfield code="X">System</subfield>
    <subfield code="Y">2012-09-11 02:00:00 Europe/Berlin</subfield>
    <subfield code="n">Fc 7720</subfield>
    <subfield code="M">49HBZ_BRIDGE_ULB</subfield>
    <subfield code="s">1</subfield>
    <subfield code="d">0</subfield>
    <subfield code="V">System</subfield>
    <subfield code="b">GA-112635</subfield>
    <subfield code="a">2362192410007502</subfield>
    <subfield code="c">Fc 7720</subfield>
    <subfield code="W">2023-02-12 15:24:55 Europe/Berlin</subfield>
    <subfield code="u">Q1146</subfield>
    <subfield code="w">Q1146</subfield>
  </datafield>
  <datafield tag="H52" ind1="0" ind2=" ">
    <subfield code="b">K1161</subfield>
    <subfield code="c">00622001</subfield>
    <subfield code="h">622/C24e/1</subfield>
    <subfield code="8">2271960460007147</subfield>
  </datafield>
  <datafield tag="HOL" ind1=" " ind2=" ">
    <subfield code="d">2023-02-12 14:23:42</subfield>
    <subfield code="8">2271960460007147</subfield>
    <subfield code="b">2023-02-12 14:23:42</subfield>
    <subfield code="M">49HBZ_BRIDGE_UBK</subfield>
    <subfield code="g">false</subfield>
    <subfield code="a">System</subfield>
    <subfield code="c">System</subfield>
  </datafield>
  <datafield tag="H52" ind1="0" ind2=" ">
    <subfield code="b">K0001</subfield>
    <subfield code="c">00000001</subfield>
    <subfield code="h">1B4842</subfield>
    <subfield code="8">2271960780007147</subfield>
  </datafield>
  <datafield tag="HOL" ind1=" " ind2=" ">
    <subfield code="d">2023-02-12 14:23:41</subfield>
    <subfield code="8">2271960780007147</subfield>
    <subfield code="b">2023-02-12 14:23:41</subfield>
    <subfield code="M">49HBZ_BRIDGE_UBK</subfield>
    <subfield code="g">false</subfield>
    <subfield code="a">System</subfield>
    <subfield code="c">System</subfield>
  </datafield>
  <datafield tag="ITM" ind1=" " ind2=" ">
    <subfield code="H">2271960780007147</subfield>
    <subfield code="x">00000001</subfield>
    <subfield code="f">BOOK</subfield>
    <subfield code="v">00000001</subfield>
    <subfield code="p">02</subfield>
    <subfield code="X">System</subfield>
    <subfield code="Y">2018-10-01 02:00:00 Europe/Berlin</subfield>
    <subfield code="n">1B4842</subfield>
    <subfield code="M">49HBZ_BRIDGE_UBK</subfield>
    <subfield code="s">1</subfield>
    <subfield code="d">0</subfield>
    <subfield code="V">System</subfield>
    <subfield code="b">1B4842</subfield>
    <subfield code="a">2371960620007147</subfield>
    <subfield code="c">1B4842</subfield>
    <subfield code="W">2023-02-12 15:23:41 Europe/Berlin</subfield>
    <subfield code="u">K0001</subfield>
    <subfield code="w">K0001</subfield>
  </datafield>
  <datafield tag="ITM" ind1=" " ind2=" ">
    <subfield code="H">2271960460007147</subfield>
    <subfield code="x">00622001</subfield>
    <subfield code="f">BOOK</subfield>
    <subfield code="v">00622001</subfield>
    <subfield code="p">04</subfield>
    <subfield code="X">System</subfield>
    <subfield code="Y">2016-02-25 01:00:00 Europe/Berlin</subfield>
    <subfield code="n">622/C24e/1</subfield>
    <subfield code="M">49HBZ_BRIDGE_UBK</subfield>
    <subfield code="s">1</subfield>
    <subfield code="d">0</subfield>
    <subfield code="V">System</subfield>
    <subfield code="b">TEMP3414</subfield>
    <subfield code="a">2371960330007147</subfield>
    <subfield code="c">622/C24e/1</subfield>
    <subfield code="W">2023-02-12 15:23:42 Europe/Berlin</subfield>
    <subfield code="u">K1161</subfield>
    <subfield code="w">K1161</subfield>
  </datafield>
  <datafield tag="H52" ind1="8" ind2=" ">
    <subfield code="b">P0001</subfield>
    <subfield code="c">11</subfield>
    <subfield code="8">22136243430006463</subfield>
  </datafield>
  <datafield tag="HOL" ind1=" " ind2=" ">
    <subfield code="b">2022-07-14 09:48:01</subfield>
    <subfield code="8">22136243430006463</subfield>
    <subfield code="M">49HBZ_PAD</subfield>
    <subfield code="g">false</subfield>
    <subfield code="a">import</subfield>
  </datafield>
  <datafield tag="ITM" ind1=" " ind2=" ">
    <subfield code="H">22136243430006463</subfield>
    <subfield code="x">11</subfield>
    <subfield code="f">BOOK</subfield>
    <subfield code="v">11</subfield>
    <subfield code="p">20</subfield>
    <subfield code="X">System</subfield>
    <subfield code="U">1984-08-31 12:59:00 Europe/Berlin</subfield>
    <subfield code="Y">2022-07-14 11:49:10 Europe/Berlin</subfield>
    <subfield code="h">false</subfield>
    <subfield code="n">INR1067</subfield>
    <subfield code="M">49HBZ_PAD</subfield>
    <subfield code="s">1</subfield>
    <subfield code="d">8</subfield>
    <subfield code="V">import</subfield>
    <subfield code="b">INR1067</subfield>
    <subfield code="a">23136243400006463</subfield>
    <subfield code="t">8</subfield>
    <subfield code="R">Maintenance count: 003</subfield>
    <subfield code="B">79/28003</subfield>
    <subfield code="D">20000217</subfield>
    <subfield code="W">1984-08-31 02:00:00 Europe/Berlin</subfield>
    <subfield code="u">P0001</subfield>
    <subfield code="w">P0001</subfield>
  </datafield>
  <datafield tag="H52" ind1="0" ind2=" ">
    <subfield code="b">T0011</subfield>
    <subfield code="c">80</subfield>
    <subfield code="h">CN/y7015</subfield>
    <subfield code="8">2232039310008031</subfield>
  </datafield>
  <datafield tag="HOL" ind1=" " ind2=" ">
    <subfield code="d">2023-02-12 14:24:20</subfield>
    <subfield code="8">2232039310008031</subfield>
    <subfield code="b">2023-02-12 14:24:20</subfield>
    <subfield code="M">49HBZ_BRIDGE_UBT</subfield>
    <subfield code="g">false</subfield>
    <subfield code="a">System</subfield>
    <subfield code="c">System</subfield>
  </datafield>
  <datafield tag="H52" ind1="0" ind2=" ">
    <subfield code="b">T0011</subfield>
    <subfield code="c">31</subfield>
    <subfield code="h">BEA/wa4132</subfield>
    <subfield code="8">2232039410008031</subfield>
  </datafield>
  <datafield tag="HOL" ind1=" " ind2=" ">
    <subfield code="d">2023-02-12 14:24:20</subfield>
    <subfield code="8">2232039410008031</subfield>
    <subfield code="b">2023-02-12 14:24:20</subfield>
    <subfield code="M">49HBZ_BRIDGE_UBT</subfield>
    <subfield code="g">false</subfield>
    <subfield code="a">System</subfield>
    <subfield code="c">System</subfield>
  </datafield>
  <datafield tag="ITM" ind1=" " ind2=" ">
    <subfield code="H">2232039310008031</subfield>
    <subfield code="x">80</subfield>
    <subfield code="f">BOOK</subfield>
    <subfield code="v">80</subfield>
    <subfield code="p">49</subfield>
    <subfield code="X">System</subfield>
    <subfield code="Y">1999-11-30 01:00:00 Europe/Berlin</subfield>
    <subfield code="n">CN/y7015</subfield>
    <subfield code="M">49HBZ_BRIDGE_UBT</subfield>
    <subfield code="s">1</subfield>
    <subfield code="d">0</subfield>
    <subfield code="V">System</subfield>
    <subfield code="b">0150.6604.89</subfield>
    <subfield code="a">2332039270008031</subfield>
    <subfield code="c">CN/y7015</subfield>
    <subfield code="B">Y 7015</subfield>
    <subfield code="D">20000217</subfield>
    <subfield code="W">2023-02-12 15:24:20 Europe/Berlin</subfield>
    <subfield code="u">T0011</subfield>
    <subfield code="w">T0011</subfield>
  </datafield>
  <datafield tag="ITM" ind1=" " ind2=" ">
    <subfield code="H">2232039410008031</subfield>
    <subfield code="x">31</subfield>
    <subfield code="f">BOOK</subfield>
    <subfield code="v">31</subfield>
    <subfield code="p">20</subfield>
    <subfield code="X">System</subfield>
    <subfield code="Y">1999-11-30 01:00:00 Europe/Berlin</subfield>
    <subfield code="n">BEA/wa4132</subfield>
    <subfield code="M">49HBZ_BRIDGE_UBT</subfield>
    <subfield code="s">1</subfield>
    <subfield code="d">0</subfield>
    <subfield code="V">System</subfield>
    <subfield code="b">0176.4077.46</subfield>
    <subfield code="a">2332039350008031</subfield>
    <subfield code="c">BEA/wa4132</subfield>
    <subfield code="B">71-37376</subfield>
    <subfield code="D">20000217</subfield>
    <subfield code="W">2023-02-12 15:24:20 Europe/Berlin</subfield>
    <subfield code="u">T0011</subfield>
    <subfield code="w">T0011</subfield>
  </datafield>
  <datafield tag="H52" ind1="0" ind2=" ">
    <subfield code="b">KP001</subfield>
    <subfield code="c">M</subfield>
    <subfield code="h">6=6/1974</subfield>
    <subfield code="8">228603740007146</subfield>
  </datafield>
  <datafield tag="HOL" ind1=" " ind2=" ">
    <subfield code="d">2023-02-12 14:25:16</subfield>
    <subfield code="8">228603740007146</subfield>
    <subfield code="b">2023-02-12 14:25:16</subfield>
    <subfield code="M">49HBZ_BRIDGE_ZBS</subfield>
    <subfield code="g">false</subfield>
    <subfield code="a">System</subfield>
    <subfield code="c">System</subfield>
  </datafield>
  <datafield tag="ITM" ind1=" " ind2=" ">
    <subfield code="H">228603740007146</subfield>
    <subfield code="x">M</subfield>
    <subfield code="f">BOOK</subfield>
    <subfield code="v">M</subfield>
    <subfield code="p">11</subfield>
    <subfield code="X">System</subfield>
    <subfield code="Y">2012-06-12 02:00:00 Europe/Berlin</subfield>
    <subfield code="n">6=6/1974</subfield>
    <subfield code="M">49HBZ_BRIDGE_ZBS</subfield>
    <subfield code="s">1</subfield>
    <subfield code="d">0</subfield>
    <subfield code="V">System</subfield>
    <subfield code="b">KN41$01478356</subfield>
    <subfield code="a">238603720007146</subfield>
    <subfield code="c">6=6/1974</subfield>
    <subfield code="D">00000000</subfield>
    <subfield code="W">2023-02-12 15:25:16 Europe/Berlin</subfield>
    <subfield code="u">KP001</subfield>
    <subfield code="w">KP001</subfield>
  </datafield>
  <datafield tag="GPN" ind1="0" ind2=" ">
    <subfield code="a">Herodes Antipatros</subfield>
    <subfield code="d">v20-39</subfield>
    <subfield code="A">GND</subfield>
    <subfield code="B">GND-118703781</subfield>
    <subfield code="C">400</subfield>
  </datafield>
  <datafield tag="GPN" ind1="0" ind2=" ">
    <subfield code="a">Herodes</subfield>
    <subfield code="c">Antipas</subfield>
    <subfield code="d">v20-39</subfield>
    <subfield code="A">GND</subfield>
    <subfield code="B">GND-118703781</subfield>
    <subfield code="C">400</subfield>
  </datafield>
  <datafield tag="GSI" ind1="7" ind2=" ">
    <subfield code="a">118703781</subfield>
    <subfield code="0">http://d-nb.info/gnd/118703781</subfield>
    <subfield code="2">gnd</subfield>
    <subfield code="A">GND</subfield>
    <subfield code="B">GND-118703781</subfield>
    <subfield code="C">024</subfield>
  </datafield>
  <datafield tag="GPN" ind1="1" ind2=" ">
    <subfield code="a">Šallîṭ, Avrāhām</subfield>
    <subfield code="d">1898-1979</subfield>
    <subfield code="9">v:DIN Stand 1982</subfield>
    <subfield code="A">GND</subfield>
    <subfield code="B">GND-143395580</subfield>
    <subfield code="C">400</subfield>
  </datafield>
  <datafield tag="GPN" ind1="1" ind2=" ">
    <subfield code="a">Schalit, A.</subfield>
    <subfield code="d">1898-1979</subfield>
    <subfield code="A">GND</subfield>
    <subfield code="B">GND-143395580</subfield>
    <subfield code="C">400</subfield>
  </datafield>
  <datafield tag="GPN" ind1="1" ind2=" ">
    <subfield code="a">ŠLYṬ, ʾ.</subfield>
    <subfield code="d">1898-1979</subfield>
    <subfield code="A">GND</subfield>
    <subfield code="B">GND-143395580</subfield>
    <subfield code="C">400</subfield>
  </datafield>
  <datafield tag="GPN" ind1="1" ind2=" ">
    <subfield code="a">Schalit, Abraham</subfield>
    <subfield code="d">1898-1979</subfield>
    <subfield code="A">GND</subfield>
    <subfield code="B">GND-143395580</subfield>
    <subfield code="C">400</subfield>
  </datafield>
  <datafield tag="GPN" ind1="1" ind2=" ">
    <subfield code="a">Shalit, Abraham</subfield>
    <subfield code="d">1898-1979</subfield>
    <subfield code="A">GND</subfield>
    <subfield code="B">GND-143395580</subfield>
    <subfield code="C">400</subfield>
  </datafield>
  <datafield tag="GPN" ind1="1" ind2=" ">
    <subfield code="a">Shalit, Avraham</subfield>
    <subfield code="d">1898-1979</subfield>
    <subfield code="A">GND</subfield>
    <subfield code="B">GND-143395580</subfield>
    <subfield code="C">400</subfield>
  </datafield>
  <datafield tag="GPN" ind1="1" ind2=" ">
    <subfield code="a">Shalit, Abvraham</subfield>
    <subfield code="d">1898-1979</subfield>
    <subfield code="A">GND</subfield>
    <subfield code="B">GND-143395580</subfield>
    <subfield code="C">400</subfield>
  </datafield>
  <datafield tag="GPN" ind1="1" ind2=" ">
    <subfield code="a">Šalit, Avraham</subfield>
    <subfield code="d">1898-1979</subfield>
    <subfield code="A">GND</subfield>
    <subfield code="B">GND-143395580</subfield>
    <subfield code="C">400</subfield>
  </datafield>
  <datafield tag="GSI" ind1="7" ind2=" ">
    <subfield code="a">http://d-nb.info/gnd/143395580</subfield>
    <subfield code="2">uri</subfield>
    <subfield code="A">GND</subfield>
    <subfield code="B">GND-143395580</subfield>
    <subfield code="C">024</subfield>
  </datafield>
</record>
